@article{knuth:1984,
	title={Dropout: A Simple Way to Prevent Neural Networks from Overfitting},
	author={Nitish Srivastava and Geoffrey Hinton and 	Alex Krizhevsky and 	Ilya Sutskever and 	Ruslan Salakhutdinov},
	journal={Journal of Machine Learning Research },
	year={2014},
	note={\url{https://www.cs.toronto.edu/~hinton/absps/JMLRdropout.pdf}}
}

@book{Goodfellow-et-al-2016,
	title={Deep Learning},
	author={Ian Goodfellow and Yoshua Bengio and Aaron Courville},
	publisher={MIT Press},
	note={\url{http://www.deeplearningbook.org}},
	year={2016}
}

@misc{katanforoosh-kunin,
 	title={Initializing Neural Networks},
 	author={Katanforoosh , Kian and Kunin, Daniel},
 	publisher={deeplearning.ai},
 	year={2019},
 	note={\url{https://www.deeplearning.ai/ai-notes/initialization/}}
}

@misc{katanforoosh-kunin-opt,
	title={Parameter optimization in neural networks},
	author={Katanforoosh , Kian and Kunin, Daniel},
	publisher={deeplearning.ai},
	year={2019},
	note={\url{https://www.deeplearning.ai/ai-notes/optimization/}}
}