@article{zhang2021dive,
    title={Dive into Deep Learning},
    author={Zhang, Aston and Lipton, Zachary C. and Li, Mu and Smola, Alexander J.},
    journal={arXiv preprint arXiv:2106.11342},
    year={2021}
}

@article{weng2018attention,
  title   = "Attention? Attention!",
  author  = "Weng, Lilian",
  journal = "lilianweng.github.io",
  year    = "2018",
  url     = "https://lilianweng.github.io/posts/2018-06-24-attention/"
}
@misc{BPTT,
  title = {Backpropagation Through Time for Recurrent Neural Network},
  howpublished = {\url{https://mmuratarat.github.io/2019-02-07/bptt-of-rnn}},
  note = {Accessed: 2022-09-15}
}